@inproceedings{Yorgey2010Species,
 author = {Yorgey, Brent A.},
 title = {Species and {F}unctors and {T}ypes, {O}h {M}y!},
 booktitle = {Proceedings of the Third ACM Haskell Symposium on Haskell},
 series = {Haskell '10},
 year = {2010},
 isbn = {978-1-4503-0252-4},
 location = {Baltimore, Maryland, USA},
 pages = {147--158},
 numpages = {12},
 url = {http://doi.acm.org/10.1145/1863523.1863542},
 doi = {10.1145/1863523.1863542},
 acmid = {1863542},
 publisher = {ACM},
 address = {New York, NY, USA},
 keywords = {algebraic data types, combinatorial species},
}

@misc{blog,
  author = {Yorgey, Brent},
  title  = {\texttt{blog :: Brent -> [String]}},
  type   = {blog},
  howpublished = {\url{http://byorgey.wordpress.com}}
}

@inproceedings{Yorgey2012promotion,
 author = {Yorgey, Brent A. and Weirich, Stephanie and Cretin, Julien and Peyton Jones, Simon and Vytiniotis, Dimitrios and Magalh\~{a}es, Jos{\'e} Pedro},
 title = {Giving Haskell a Promotion},
 booktitle = {Proceedings of the 8th ACM SIGPLAN Workshop on Types in Language Design and Implementation},
 series = {TLDI '12},
 year = {2012},
 isbn = {978-1-4503-1120-5},
 location = {Philadelphia, Pennsylvania, USA},
 pages = {53--66},
 numpages = {14},
 url = {http://doi.acm.org/10.1145/2103786.2103795},
 doi = {10.1145/2103786.2103795},
 acmid = {2103795},
 publisher = {ACM},
 address = {New York, NY, USA},
 keywords = {haskell, kinds, polymorphism, promotion},
}

@inproceedings{Yorgey2012monoids,
 author = {Yorgey, Brent A.},
 title = {Monoids: Theme and Variations (Functional Pearl)},
 booktitle = {Proceedings of the 2012 Symposium on Haskell Symposium},
 series = {Haskell '12},
 year = {2012},
 isbn = {978-1-4503-1574-6},
 location = {Copenhagen, Denmark},
 pages = {105--116},
 numpages = {12},
 url = {http://doi.acm.org/10.1145/2364506.2364520},
 doi = {10.1145/2364506.2364520},
 acmid = {2364520},
 publisher = {ACM},
 address = {New York, NY, USA},
 keywords = {edsl, homomorphism, monoid, monoid action},
}
