@article{miyake2010reducing,
  title={Reducing the gender achievement gap in college science: A classroom study of values affirmation},
  author={Miyake, Akira and Kost-Smith, Lauren E and Finkelstein, Noah D and Pollock, Steven J and Cohen, Geoffrey L and Ito, Tiffany A},
  journal={Science},
  volume={330},
  number={6008},
  pages={1234--1237},
  year={2010},
  publisher={American Association for the Advancement of Science}
}